<?xml version="1.0" encoding="UTF-8"?><collection xmlns="http://www.loc.gov/MARC21/slim"><record><leader>00381nam--2200133-i-4500</leader><controlfield tag="001">000043892</controlfield><controlfield tag="002">20161230</controlfield><controlfield tag="005">20161230201044</controlfield><controlfield tag="008">060222s1000------------r-----000-0-eng-d</controlfield><datafield ind1=" " ind2=" " tag="080"><subfield code="a">681.3.066</subfield></datafield><datafield ind1=" " ind2=" " tag="100"><subfield code="a">Teixeira, Thomas J. And Egan, Janet I</subfield></datafield><datafield ind1=" " ind2=" " tag="245"><subfield code="a">Writing a unix device deiver. second edition</subfield></datafield><datafield ind1=" " ind2=" " tag="260"><subfield code="a">New York, John Wiley And Sons, Inc., 1992, Ix + 358p</subfield></datafield><datafield ind1=" " ind2=" " tag="852"><subfield code="a">80224</subfield></datafield></record></collection>